<record><leader>00000cas a22000007i 4500</leader><controlfield tag="001">24498237</controlfield><controlfield tag="008">911004d187u1878nhumr ne      0    0eng d</controlfield><datafield ind1=" " ind2=" " tag="010"><subfield code="a">sn 91063278 </subfield></datafield><datafield ind1=" " ind2=" " tag="040"><subfield code="a">NVH</subfield><subfield code="b">eng</subfield><subfield code="e">rda</subfield><subfield code="c">NVH</subfield><subfield code="d">OCLCQ</subfield><subfield code="d">CZL</subfield><subfield code="d">OCLCF</subfield></datafield><datafield ind1=" " ind2=" " tag="042"><subfield code="a">msc</subfield></datafield><datafield ind1=" " ind2=" " tag="090"><subfield code="a">PN4827</subfield><subfield code="b">.C43 box A-H</subfield></datafield><datafield ind1="0" ind2="4" tag="245"><subfield code="a">The Cheshire star.</subfield></datafield><datafield ind1=" " ind2=" " tag="260"><subfield code="a">Marlborough, N.H. :</subfield><subfield code="b">L.E. Tilden</subfield></datafield><datafield ind1=" " ind2=" " tag="300"><subfield code="a">volumes ;</subfield><subfield code="c">21 cm</subfield></datafield><datafield ind1=" " ind2=" " tag="310"><subfield code="a">Monthly</subfield></datafield><datafield ind1=" " ind2=" " tag="336"><subfield code="a">text</subfield><subfield code="b">txt</subfield><subfield code="2">rdacontent</subfield></datafield><datafield ind1=" " ind2=" " tag="337"><subfield code="a">unmediated</subfield><subfield code="b">n</subfield><subfield code="2">rdamedia</subfield></datafield><datafield ind1=" " ind2=" " tag="338"><subfield code="a">volume</subfield><subfield code="b">nc</subfield><subfield code="2">rdacarrier</subfield></datafield><datafield ind1="1" ind2=" " tag="362"><subfield code="a">Ceased with:  Vol. 3, no. 6 (Dec. 1878)</subfield></datafield><datafield ind1=" " ind2=" " tag="500"><subfield code="a">Editors, L. E. Tilden, C. B. Little.</subfield></datafield><datafield ind1=" " ind2=" " tag="588"><subfield code="a">Description based on: Vol. 2, no. 2 (Jan. 1878); title from caption.</subfield></datafield><datafield ind1=" " ind2=" " tag="588"><subfield code="a">Latest issue consulted: Vol. 3, no. 6 (Dec. 1878)</subfield></datafield><datafield ind1=" " ind2="0" tag="650"><subfield code="a">Amateur journalism</subfield><subfield code="z">New Hampshire</subfield><subfield code="z">Marlborough</subfield><subfield code="v">Periodicals.</subfield></datafield><datafield ind1=" " ind2="7" tag="655"><subfield code="a">Periodicals.</subfield><subfield code="2">fast</subfield><subfield code="0">(OCoLC)fst01411641</subfield></datafield><datafield ind1=" " ind2="7" tag="650"><subfield code="a">Amateur journalism.</subfield><subfield code="2">fast</subfield><subfield code="0">(OCoLC)fst00806670</subfield></datafield><datafield ind1=" " ind2="7" tag="651"><subfield code="a">New Hampshire</subfield><subfield code="z">Marlborough.</subfield><subfield code="2">fast</subfield><subfield code="0">(OCoLC)fst01268471</subfield></datafield><datafield ind1="1" ind2=" " tag="700"><subfield code="a">Tilden, L. E.,</subfield><subfield code="d">1861-1937,</subfield><subfield code="e">editors</subfield></datafield><datafield ind1="1" ind2=" " tag="700"><subfield code="a">Little, C. B.,</subfield><subfield code="e">editors</subfield></datafield><datafield ind1=" " ind2=" " tag="752"><subfield code="a">United States</subfield><subfield code="b">New Hampshire</subfield><subfield code="c">Cheshire</subfield><subfield code="d">Marlborough.</subfield></datafield><datafield ind1="0" ind2="0" tag="785"><subfield code="t">Granite State courier</subfield><subfield code="w">(OCoLC)173726648</subfield></datafield></record>